@Comment{jabref-meta: databaseType:bibtex;}

@Comment{jabref-meta: fileDirectoryLatex-linha-WINDOWS:D:\\GitHub\\BachelorThesis;}
